%% This BibTeX bibliography file was created using BibDesk.
%% http://bibdesk.sourceforge.net/

%% Created for Moses Milazzo at 2016-01-12 01:48:13 -0700 


%% Saved with string encoding Unicode (UTF-8) 



@book{kopka2003guide,
	Author = {Kopka, Helmut and Daly, Patrick W},
	Publisher = {Pearson Education},
	Title = {Guide to LATEX},
	Year = {2003}}

@article{light2004end,
	Author = {Light, Adam and Bartlein, Patrick J},
	Date-Modified = {2016-01-12 08:26:32 +0000},
	Journal = {Eos, Transactions AGU},
	Number = {40},
	Pages = {385--391},
	Publisher = {Wiley Online Library},
	Title = {The end of the rainbow? Color schemes for improved data graphics},
	Volume = {85},
	Year = {2004}}

@article{borland2007rainbow,
	Author = {Borland, David and Taylor II, Russell M.},
	Date-Modified = {2016-01-12 08:20:44 +0000},
	Journal = {IEEE Comp. Graph. and Appl.},
	Number = {2},
	Pages = {14--17},
	Title = {Rainbow color map (still) considered harmful.},
	Volume = {27},
	Year = {2007}}

@article{green2011colour,
	Author = {Green, DA},
	Date-Modified = {2016-01-12 08:21:03 +0000},
	Journal = {Preprint arXiv:1108.5083},
	Title = {A colour scheme for the display of astronomical intensity images},
	Year = {2011}}

@url{LPSC,
	Author = {{Lunar and Planetary Institute}},
	Date-Modified = {2016-01-12 08:48:13 +0000},
	Howpublished = {\href{http://www.hou.usra.edu/meetings/lpsc2016/programAbstracts/instructions/}{LPSC Abstract Instructions}},
	Urldate = {2016},
	Year = {2016}}
