%% This BibTeX bibliography file was created using BibDesk.
%% http://bibdesk.sourceforge.net/


%% Created for Moses Milazzo at 2014-6-25 23:44:15 


%% Saved with string encoding Unicode (UTF-8) 



@book{kopka2003guide,
  title={Guide to LATEX},
  author={Kopka, Helmut and Daly, Patrick W},
  year={2003},
  publisher={Pearson Education}
}

@article{light2004end,
  title={The end of the rainbow? Color schemes for improved data graphics},
  author={Light, Adam and Bartlein, Patrick J},
  journal={Eos, Transactions American Geophysical Union},
  volume={85},
  number={40},
  pages={385--391},
  year={2004},
  publisher={Wiley Online Library}
}

@article{borland2007rainbow,
  title={Rainbow color map (still) considered harmful.},
  author={Borland, David and Taylor II, Russell M},
  journal={IEEE computer graphics and applications},
  volume={27},
  number={2},
  pages={14--17},
  year={2007}
}

@article{green2011colour,
  title={A colour scheme for the display of astronomical intensity images},
  author={Green, DA},
  journal={arXiv preprint arXiv:1108.5083},
  year={2011}
}

% Notice that the author here is an institute and so to protect the institute's 
% name from the bibliography author-name style mangler, we encapsulate
% it in {}. This tells the bibtex to use that as the author's name. This can be
% used whenever needed for verbatim needs.
@misc{LPSC,
  author={{Lunar and Planetary Institute}},
  title={Abstract Submission Instructions},
  year={2014},
  howpublished = "\url{http://www.hou.usra.edu/meetings/lpsc2014/programAbstracts/instructions/}"
}